@article{onan2019two,
  title={Two-stage topic extraction model for bibliometric data analysis based on word embeddings and clustering},
  author={Onan, Aytu{\u{g}}},
  journal={IEEE Access},
  volume={7},
  pages={145614--145633},
  year={2019},
  publisher={IEEE}
}

@article{huang2020weakly,
  title={Weakly-supervised aspect-based sentiment analysis via joint aspect-sentiment topic embedding},
  author={Huang, Jiaxin and Meng, Yu and Guo, Fang and Ji, Heng and Han, Jiawei},
  journal={arXiv preprint arXiv:2010.06705},
  year={2020}
}

@article{grootendorst2022bertopic,
  title={BERTopic: Neural topic modeling with a class-based TF-IDF procedure},
  author={Grootendorst, Maarten},
  journal={arXiv preprint arXiv:2203.05794},
  year={2022}
}

@article{egger2022topic,
  title={A Topic Modeling Comparison Between LDA, NMF, Top2Vec, and BERTopic to Demystify Twitter Posts},
  author={Egger, Roman and Yu, Joanne},
  journal={Frontiers in Sociology},
  volume={7},
  year={2022},
  publisher={Frontiers Media SA}
}

