@article{onan2019two,
  title={Two-stage topic extraction model for bibliometric data analysis based on word embeddings and clustering},
  author={Onan, Aytu{\u{g}}},
  journal={IEEE Access},
  volume={7},
  pages={145614--145633},
  year={2019},
  publisher={IEEE}
}

@article{huang2020weakly,
  title={Weakly-supervised aspect-based sentiment analysis via joint aspect-sentiment topic embedding},
  author={Huang, Jiaxin and Meng, Yu and Guo, Fang and Ji, Heng and Han, Jiawei},
  journal={arXiv preprint arXiv:2010.06705},
  year={2020}
}

@article{grootendorst2022bertopic,
  title={BERTopic: Neural topic modeling with a class-based TF-IDF procedure},
  author={Grootendorst, Maarten},
  journal={arXiv preprint arXiv:2203.05794},
  year={2022}
}

@article{egger2022topic,
  title={A Topic Modeling Comparison Between LDA, NMF, Top2Vec, and BERTopic to Demystify Twitter Posts},
  author={Egger, Roman and Yu, Joanne},
  journal={Frontiers in Sociology},
  volume={7},
  year={2022},
  publisher={Frontiers Media SA}
}

@article{benvenuto2020application,
  title={Application of the ARIMA model on the COVID-2019 epidemic dataset},
  author={Benvenuto, Domenico and Giovanetti, Marta and Vassallo, Lazzaro and Angeletti, Silvia and Ciccozzi, Massimo},
  journal={Data in brief},
  volume={29},
  pages={105340},
  year={2020},
  publisher={Elsevier}
}

@article{hua2019deep,
  title={Deep learning with long short-term memory for time series prediction},
  author={Hua, Yuxiu and Zhao, Zhifeng and Li, Rongpeng and Chen, Xianfu and Liu, Zhiming and Zhang, Honggang},
  journal={IEEE Communications Magazine},
  volume={57},
  number={6},
  pages={114--119},
  year={2019},
  publisher={IEEE}
}

@article{khosravi2018time,
  title={Time-series prediction of wind speed using machine learning algorithms: A case study Osorio wind farm, Brazil},
  author={Khosravi, Ali and Machado, Luiz and Nunes, RO},
  journal={Applied Energy},
  volume={224},
  pages={550--566},
  year={2018},
  publisher={Elsevier}
}

@inproceedings{liang2018geoman,
  title={Geoman: Multi-level attention networks for geo-sensory time series prediction.},
  author={Liang, Yuxuan and Ke, Songyu and Zhang, Junbo and Yi, Xiuwen and Zheng, Yu},
  booktitle={IJCAI},
  volume={2018},
  pages={3428--3434},
  year={2018}
}

@article{parmezan2019evaluation,
  title={Evaluation of statistical and machine learning models for time series prediction: Identifying the state-of-the-art and the best conditions for the use of each model},
  author={Parmezan, Antonio Rafael Sabino and Souza, Vinicius MA and Batista, Gustavo EAPA},
  journal={Information sciences},
  volume={484},
  pages={302--337},
  year={2019},
  publisher={Elsevier}
}

@article{rangapuram2018deep,
  title={Deep state space models for time series forecasting},
  author={Rangapuram, Syama Sundar and Seeger, Matthias W and Gasthaus, Jan and Stella, Lorenzo and Wang, Yuyang and Januschowski, Tim},
  journal={Advances in neural information processing systems},
  volume={31},
  year={2018}
}

@article{da2020forecasting,
  title={Forecasting Brazilian and American COVID-19 cases based on artificial intelligence coupled with climatic exogenous variables},
  author={Da Silva, Ramon Gomes and Ribeiro, Matheus Henrique Dal Molin and Mariani, Viviana Cocco and dos Santos Coelho, Leandro},
  journal={Chaos, Solitons \& Fractals},
  volume={139},
  pages={110027},
  year={2020},
  publisher={Elsevier}
}

@mastersthesis{ding2021empirical,
  title={Empirical Evidence of Lead-Lag Relation between the Norwegian CDS and Stock Markets: Using Vector Autoregression with Exogenous Variables (VARX) and Structured Regularization for Large Vector Autoregressions with Exogenous Variables (VARX-L) Framework},
  author={Ding, Ruhui},
  year={2021}
}

@article{li2022nonlinear,
  title={A Nonlinear Autoregressive Model with Exogenous Variables for Traffic Flow Forecasting in Smaller Urban Regions},
  author={Li, Junzhuo and Li, Wenyong and Lian, Guan},
  journal={Promet},
  volume={34},
  number={6},
  pages={943--957},
  year={2022}
}

@article{verma2022arima,
  title={ARIMA and ARIMAX models for sugarcane yield forecasting in Northern Agro-climatic zone of Haryana},
  author={VERMA, URMIL and others},
  journal={Journal of Agrometeorology},
  volume={24},
  number={2},
  pages={200--202},
  year={2022}
}

@book{smelser2001international,
  title={International encyclopedia of the social \& behavioral sciences},
  author={Smelser, Neil J and Baltes, Paul B and others},
  volume={11},
  year={2001},
  publisher={Elsevier Amsterdam}
}

@article{gijsbers2021perceiving,
  title={Perceiving causation and causal singularism},
  author={Gijsbers, Victor},
  journal={Synthese},
  volume={199},
  number={5},
  pages={14881--14895},
  year={2021},
  publisher={Springer}
}

@article{loughran2011liability,
  title={When is a liability not a liability? Textual analysis, dictionaries, and 10-Ks},
  author={Loughran, Tim and McDonald, Bill},
  journal={The Journal of finance},
  volume={66},
  number={1},
  pages={35--65},
  year={2011},
  publisher={Wiley Online Library}
}

@article{kamins1997consumer,
  title={Consumer responses to rumors: Good news, bad news},
  author={Kamins, Michael A and Folkes, Valerie S and Perner, Lars},
  journal={Journal of consumer psychology},
  volume={6},
  number={2},
  pages={165--187},
  year={1997},
  publisher={Elsevier}
}

@article{sago2014impact,
  title={The impact of significant negative news on consumer behavior towards favorite brands},
  author={Sago, Brad and Hinnenkamp, Craig},
  journal={Global Journal of Business Research},
  volume={8},
  number={1},
  pages={65--72},
  year={2014}
}

@article{mao2011predicting,
  title={Predicting financial markets: Comparing survey, news, twitter and search engine data},
  author={Mao, Huina and Counts, Scott and Bollen, Johan},
  journal={arXiv preprint arXiv:1112.1051},
  year={2011}
}

@inproceedings{vargas2017deep,
  title={Deep learning for stock market prediction from financial news articles},
  author={Vargas, Manuel R and De Lima, Beatriz SLP and Evsukoff, Alexandre G},
  booktitle={2017 IEEE international conference on computational intelligence and virtual environments for measurement systems and applications (CIVEMSA)},
  pages={60--65},
  year={2017},
  organization={IEEE}
}

@article{lamon2017cryptocurrency,
  title={Cryptocurrency price prediction using news and social media sentiment},
  author={Lamon, Connor and Nielsen, Eric and Redondo, Eric},
  journal={SMU Data Sci. Rev},
  volume={1},
  number={3},
  pages={1--22},
  year={2017}
}

@article{li2022novel,
  title={A novel text-based framework for forecasting agricultural futures using massive online news headlines},
  author={Li, Jianping and Li, Guowen and Liu, Mingxi and Zhu, Xiaoqian and Wei, Lu},
  journal={International Journal of Forecasting},
  volume={38},
  number={1},
  pages={35--50},
  year={2022},
  publisher={Elsevier}
}

@phdthesis{jeong2022predicting,
  title={Predicting Apple Stock Price Using News Headlines and Other Features With Classical Time Series Models, Supervised Models, and Machine Learning Models},
  author={Jeong, Jaehui},
  year={2022},
  school={UCLA}
}

